@inproceedings{nguyen_creating_2019,
	location = {San Diego, {CA}, {USA}},
	title = {Creating Virtual Reality and Augmented Reality Development in Classroom: Is it a Hype?},
	isbn = {978-1-72815-604-0},
	url = {https://ieeexplore.ieee.org/document/8942272/},
	doi = {10.1109/AIVR46125.2019.00045},
	shorttitle = {Creating Virtual Reality and Augmented Reality Development in Classroom},
	eventtitle = {2019 {IEEE} International Conference on Artificial Intelligence and Virtual Reality ({AIVR})},
	pages = {212--2125},
	booktitle = {2019 {IEEE} International Conference on Artificial Intelligence and Virtual Reality ({AIVR})},
	publisher = {{IEEE}},
	author = {Nguyen, Vinh T. and Jung, Kwanghee and Dang, Tommy},
	urldate = {2021-06-08},
	year = {2019-12},
	keywords = {cons-development, education}
}

@article{bozzelli_integrated_2019,
	title = {An integrated {VR}/{AR} framework for user-centric interactive experience of cultural heritage: The {ArkaeVision} project},
	volume = {15},
	issn = {22120548},
	url = {https://linkinghub.elsevier.com/retrieve/pii/S2212054819300232},
	doi = {10.1016/j.daach.2019.e00124},
	shorttitle = {An integrated {VR}/{AR} framework for user-centric interactive experience of cultural heritage},
	pages = {e00124},
	journaltitle = {Digital Applications in Archaeology and Cultural Heritage},
	shortjournal = {Digital Applications in Archaeology and Cultural Heritage},
	author = {Bozzelli, Guido and Raia, Antonio and Ricciardi, Stefano and De Nino, Maurizio and Barile, Nicola and Perrella, Marco and Tramontano, Marco and Pagano, Alfonsina and Palombini, Augusto},
	urldate = {2021-06-08},
	year = {2019-12},
	langid = {english}
}

@article{kurt_argent_2020,
	title = {{ARgent}: Web Tabanlı Dinamik İçerik Destekli Artırılmış Gerçeklik Geliştirme Altyapısı},
	issn = {2148-2683},
	url = {https://dergipark.org.tr/en/doi/10.31590/ejosat.779946},
	doi = {10.31590/ejosat.779946},
	shorttitle = {{ARgent}},
	pages = {244--257},
	journal = {European Journal of Science and Technology},
	author = {Kurt, Gökhan and İNce, Gökhan},
	urldate = {2021-06-08},
	date = {2020-08-15},
	year = {2020},
	keywords = {codeless},
	file = {Full Text:/Users/mela/Zotero/storage/CE5SNL37/Kurt and İNce - 2020 - ARgent Web Tabanlı Dinamik İçerik Destekli Artırı.pdf:application/pdf}
}

@inproceedings{villanueva_meta-ar-app_2020,
	location = {Honolulu {HI} {USA}},
	title = {Meta-{AR}-App: An Authoring Platform for Collaborative Augmented Reality in {STEM} Classrooms},
	isbn = {978-1-4503-6708-0},
	url = {https://dl.acm.org/doi/10.1145/3313831.3376146},
	doi = {10.1145/3313831.3376146},
	shorttitle = {Meta-{AR}-App},
	eventtitle = {{CHI} '20: {CHI} Conference on Human Factors in Computing Systems},
	pages = {1--14},
	booktitle = {Proceedings of the 2020 {CHI} Conference on Human Factors in Computing Systems},
	publisher = {{ACM}},
	author = {Villanueva, Ana and Zhu, Zhengzhe and Liu, Ziyi and Peppler, Kylie and Redick, Thomas and Ramani, Karthik},
	urldate = {2021-06-09},
	date = {2020-04-21},
	year = {2020},
	langid = {english},
	keywords = {codeless, education}
}

@inproceedings{nebeling_trouble_2018,
	location = {Munich, Germany},
	title = {The Trouble with Augmented Reality/Virtual Reality Authoring Tools},
	isbn = {978-1-5386-7592-2},
	url = {https://ieeexplore.ieee.org/document/8699236/},
	doi = {10.1109/ISMAR-Adjunct.2018.00098},
	eventtitle = {2018 {IEEE} International Symposium on Mixed and Augmented Reality Adjunct ({ISMAR}-Adjunct)},
	pages = {333--337},
	booktitle = {2018 {IEEE} International Symposium on Mixed and Augmented Reality Adjunct ({ISMAR}-Adjunct)},
	publisher = {{IEEE}},
	author = {Nebeling, Michael and Speicher, Maximilian},
	urldate = {2021-06-09},
	date = {2018-10},
	year = {2018},
	keywords = {codeless, cons-development}
}

@article{lecuyer_authoring_2019,
	title = {Authoring {AR} Interaction by {AR}},
	issn = {1727-530X},
	url = {https://diglib.eg.org/handle/10.2312/egve20191285},
	doi = {10.2312/EGVE.20191285},
	pages = {8 pages},
	journal = {{ICAT}-{EGVE} 2019 - International Conference on Artificial Reality and Telexistence and Eurographics Symposium on Virtual Environments},
	author = {Lécuyer, Flavien and Gouranton, Valérie and Reuzeau, Adrien and Gaugne, Ronan and Arnaldi, Bruno},
	urldate = {2021-06-09},
	year = {2019},
	note = {Artwork Size: 8 pages
{ISBN}: 9783038680833
Publisher: The Eurographics Association
Version Number: 089-096},
	keywords = {Activity centered design, centered computing, codeless, concepts and paradigms, Human, Interaction design theory, Interface design prototyping, Mixed / augmented reality}
}

@incollection{stephanidis_authoring_2020,
	location = {Cham},
	title = {Authoring Interactions for Tangible Augmented Reality},
	volume = {1225},
	isbn = {978-3-030-50729-9},
	url = {http://link.springer.com/10.1007/978-3-030-50729-9_6},
	pages = {43--50},
	booktitle = {{HCI} International 2020 - Posters},
	publisher = {Springer International Publishing},
	author = {Jain, Karan and Choi, Young Mi},
	editor = {Stephanidis, Constantine and Antona, Margherita},
	urldate = {2021-06-09},
	year = {2020},
	langid = {english},
	doi = {10.1007/978-3-030-50729-9_6},
	note = {Series Title: Communications in Computer and Information Science},
	keywords = {categorization, codeless, cons-development}
}

@inproceedings{shekhar_arcomposer_2019,
	location = {New Orleans {LA} {USA}},
	title = {{ARComposer}: Authoring Augmented Reality Experiences through Text},
	isbn = {978-1-4503-6817-9},
	url = {https://dl.acm.org/doi/10.1145/3332167.3357116},
	doi = {10.1145/3332167.3357116},
	shorttitle = {{ARComposer}},
	eventtitle = {{UIST} '19: The 32nd Annual {ACM} Symposium on User Interface Software and Technology},
	pages = {63--65},
	booktitle = {The Adjunct Publication of the 32nd Annual {ACM} Symposium on User Interface Software and Technology},
	publisher = {{ACM}},
	author = {Shekhar, Sumit and Maheshwari, Paridhi and J, Monisha and Singhal, Amrit and Singh, Kush Kumar and Krishna, Kundan},
	urldate = {2021-06-09},
	date = {2019-10-14},
	year = {2019},
	langid = {english},
	keywords = {codeless}
}

@inproceedings{silva_what_2019,
	location = {Brasília, Distrito Federal, Brasil},
	title = {What are Teachers Needs Concerning Augmented Reality Digital Authoring Tools?},
	url = {https://br-ie.org/pub/index.php/wcbie/article/view/9117},
	doi = {10.5753/cbie.wcbie.2019.1452},
	eventtitle = {{VIII} Congresso Brasileiro de Informática na Educação},
	pages = {1452},
	booktitle = {Anais dos Workshops do {VIII} Congresso Brasileiro de Informática na Educação ({CBIE} 2019)},
	publisher = {Brazilian Computer Society (Sociedade Brasileira de Computação - {SBC})},
	author = {Silva, Manoela Milena Oliveira da and Teichrieb, Veronica and Smith, Patrícia},
	urldate = {2021-06-09},
	date = {2019-11-21},
	year = {2019},
	keywords = {education},
	file = {Full Text:/Users/mela/Zotero/storage/AGQHAWKF/Silva et al. - 2019 - What are Teachers Needs Concerning Augmented Reali.pdf:application/pdf}
}

@incollection{de_paolis_waat_2020,
	location = {Cham},
	title = {{WAAT}: A Workstation {AR} Authoring Tool for Industry 4.0},
	volume = {12243},
	isbn = {978-3-030-58468-9},
	url = {https://link.springer.com/10.1007/978-3-030-58468-9_22},
	shorttitle = {{WAAT}},
	pages = {304--320},
	booktitle = {Augmented Reality, Virtual Reality, and Computer Graphics},
	publisher = {Springer International Publishing},
	author = {Bégout, Pierre and Duval, Thierry and Kubicki, Sébastien and Charbonnier, Bertrand and Bricard, Emmanuel},
	editor = {De Paolis, Lucio Tommaso and Bourdot, Patrick},
	urldate = {2021-06-09},
	year = {2020},
	langid = {english},
	doi = {10.1007/978-3-030-58468-9_22},
	note = {Series Title: Lecture Notes in Computer Science},
	keywords = {categorization, codeless, {HMD}},
	file = {Submitted Version:/Users/mela/Zotero/storage/3PLXJ744/Bégout et al. - 2020 - WAAT A Workstation AR Authoring Tool for Industry.pdf:application/pdf}
}

@incollection{fisher_xr_2021,
	edition = {1},
	title = {{XR} Content Authoring Challenges: The Creator-Developer Divide},
	isbn = {978-1-00-305283-8},
	url = {https://www.taylorfrancis.com/books/9781000378412/chapters/10.1201/9781003052838-16},
	shorttitle = {{XR} Content Authoring Challenges},
	pages = {245--264},
	booktitle = {Augmented and Mixed Reality for Communities},
	publisher = {{CRC} Press},
	author = {Murray, John T. and Johnson, Emily K.},
	editor = {Fisher, Joshua A.},
	urldate = {2021-06-09},
	date = {2021-03-30},
	year = {2021},
	langid = {english},
	doi = {10.1201/9781003052838-16},
	file = {Murray and Johnson - 2021 - XR Content Authoring Challenges The Creator-Devel.pdf:/Users/mela/Zotero/storage/9BLLPYMP/Murray and Johnson - 2021 - XR Content Authoring Challenges The Creator-Devel.pdf:application/pdf}
}

@inproceedings{hanafi_comparative_2019,
	location = {Rabat, Morocco},
	title = {A comparative Study of Augmented Reality {SDKs} to Develop an Educational Application in Chemical Field},
	isbn = {978-1-4503-6645-8},
	url = {http://dl.acm.org/citation.cfm?doid=3320326.3320386},
	doi = {10.1145/3320326.3320386},
	eventtitle = {the 2nd International Conference},
	pages = {1--8},
	booktitle = {Proceedings of the 2nd International Conference on Networking, Information Systems \& Security  - {NISS}19},
	publisher = {{ACM} Press},
	author = {Hanafi, Anasse and Elaachak, Lotfi and Bouhorma, Mohammed},
	urldate = {2021-07-31},
	year = {2019},
	langid = {english},
	keywords = {categorization, education, {SDKs}}
}

@inproceedings{cavallo_cave-ar_2019,
	location = {Osaka, Japan},
	title = {{CAVE}-{AR}: A {VR} Authoring System to Interactively Design, Simulate, and Debug Multi-user {AR} Experiences},
	isbn = {978-1-72811-377-7},
	url = {https://ieeexplore.ieee.org/document/8798148/},
	doi = {10.1109/VR.2019.8798148},
	shorttitle = {{CAVE}-{AR}},
	eventtitle = {2019 {IEEE} Conference on Virtual Reality and 3D User Interfaces ({VR})},
	pages = {872--873},
	booktitle = {2019 {IEEE} Conference on Virtual Reality and 3D User Interfaces ({VR})},
	publisher = {{IEEE}},
	author = {Cavallo, Marco and Forbes, Angus G.},
	urldate = {2021-08-01},
	year = {2019},
	keywords = {codeless, {VR}}
}

@inproceedings{apaza-yllachura_simplear_2019,
	location = {Concepcion, Chile},
	title = {{SimpleAR}: Augmented Reality high-level content design framework using visual programming},
	isbn = {978-1-72815-613-2},
	url = {https://ieeexplore.ieee.org/document/8966427/},
	doi = {10.1109/SCCC49216.2019.8966427},
	shorttitle = {{SimpleAR}},
	eventtitle = {2019 38th International Conference of the Chilean Computer Science Society ({SCCC})},
	pages = {1--7},
	booktitle = {2019 38th International Conference of the Chilean Computer Science Society ({SCCC})},
	publisher = {{IEEE}},
	author = {Apaza-Yllachura, Yuliana and Paz-Valderrama, Alfredo and Corrales-Delgado, Carlo},
	urldate = {2021-08-01},
	year = {2019},
	keywords = {codeless, {SUS}, thesis}
}

@thesis{gharbi_empirical_2021,
	location = {Ottawa, Ontario},
	title = {Empirical Research on Developing an Educational Augmented Reality Authoring Tool},
	url = {https://curve.carleton.ca/16f85a64-0aab-4f34-867c-e07e0aa845e6},
	institution = {Carleton University},
	type = {Master of Information Technology},
	author = {Gharbi, Ayoub},
	urldate = {2021-08-01},
	year = {2021},
	doi = {10.22215/etd/2021-14506},
	keywords = {codeless, education},
	file = {Full Text:/Users/mela/Zotero/storage/35NARM5N/Gharbi - 2021 - Empirical Research on Developing an Educational Au.pdf:application/pdf}
}

@inproceedings{apaza_systematic_2018,
	location = {Foz do Iguaçu, Brazil},
	title = {Systematic Mapping Study on High-Level Content Design Frameworks for Augmented Reality},
	isbn = {978-1-72810-604-5},
	url = {https://ieeexplore.ieee.org/document/8802459/},
	doi = {10.1109/SVR.2018.00037},
	eventtitle = {2018 20th Symposium on Virtual and Augmented Reality ({SVR})},
	pages = {192--201},
	booktitle = {2018 20th Symposium on Virtual and Augmented Reality ({SVR})},
	publisher = {{IEEE}},
	author = {Apaza, Yuliana and Tumailla, Richard and Hancco, Wilder and Paz-Valderrama, Alfredo and Corrales-Delgado, Carlo and Loaiza, Manuel},
	urldate = {2021-08-01},
	date = {2018-10},
	year = {2018},
	keywords = {categorization, thesis}
}

@inproceedings{wang_capturar_2020,
	location = {Virtual Event {USA}},
	title = {{CAPturAR}: An Augmented Reality Tool for Authoring Human-Involved Context-Aware Applications},
	isbn = {978-1-4503-7514-6},
	url = {https://dl.acm.org/doi/10.1145/3379337.3415815},
	doi = {10.1145/3379337.3415815},
	shorttitle = {{CAPturAR}},
	eventtitle = {{UIST} '20: The 33rd Annual {ACM} Symposium on User Interface Software and Technology},
	pages = {328--341},
	booktitle = {Proceedings of the 33rd Annual {ACM} Symposium on User Interface Software and Technology},
	publisher = {{ACM}},
	author = {Wang, Tianyi and Qian, Xun and He, Fengming and Hu, Xiyun and Huo, Ke and Cao, Yuanzhi and Ramani, Karthik},
	urldate = {2021-08-02},
	date = {2020-10-20},
	year = {2020},
	langid = {english},
	keywords = {codeless}
}

@inproceedings{kegeleers_story_2021,
	location = {Online Streaming, --- Select a Country ---},
	title = {Story Authoring in Augmented Reality:},
	isbn = {978-989-758-488-6},
	url = {https://www.scitepress.org/DigitalLibrary/Link.aspx?doi=10.5220/0010249800550066},
	doi = {10.5220/0010249800550066},
	shorttitle = {Story Authoring in Augmented Reality},
	eventtitle = {16th International Conference on Computer Graphics Theory and Applications},
	pages = {55--66},
	booktitle = {Proceedings of the 16th International Joint Conference on Computer Vision, Imaging and Computer Graphics Theory and Applications},
	publisher = {{SCITEPRESS} - Science and Technology Publications},
	author = {Kegeleers, Marie and Bidarra, Rafael},
	urldate = {2021-08-02},
	year = {2021},
	keywords = {story-authoring, {SUS}, thesis}
}

@incollection{marcus_authoring_2016,
	location = {Cham},
	title = {Authoring Tools for Augmented Reality: An Analysis and Classification of Content Design Tools},
	volume = {9748},
	isbn = {978-3-319-40406-6},
	url = {http://link.springer.com/10.1007/978-3-319-40406-6_22},
	shorttitle = {Authoring Tools for Augmented Reality},
	pages = {237--248},
	booktitle = {Design, User Experience, and Usability: Technological Contexts},
	publisher = {Springer International Publishing},
	author = {Roberto, Rafael Alves and Lima, João Paulo and Mota, Roberta Cabral and Teichrieb, Veronica},
	editor = {Marcus, Aaron},
	urldate = {2021-08-04},
	year = {2016},
	langid = {english},
	doi = {10.1007/978-3-319-40406-6_22},
	note = {Series Title: Lecture Notes in Computer Science},
	keywords = {categorization},
	file = {Roberto et al. - 2016 - Authoring Tools for Augmented Reality An Analysis.pdf:/Users/mela/Zotero/storage/4ZGMCIYJ/Roberto et al. - 2016 - Authoring Tools for Augmented Reality An Analysis.pdf:application/pdf}
}

@inproceedings{yang_interactive_2016,
	location = {Budapest, Hungary},
	title = {Interactive Augmented Reality Authoring System using mobile device as input method},
	isbn = {978-1-5090-1897-0},
	url = {http://ieeexplore.ieee.org/document/7844437/},
	doi = {10.1109/SMC.2016.7844437},
	eventtitle = {2016 {IEEE} International Conference on Systems, Man, and Cybernetics ({SMC})},
	pages = {001429--001432},
	booktitle = {2016 {IEEE} International Conference on Systems, Man, and Cybernetics ({SMC})},
	publisher = {{IEEE}},
	author = {Yang, Yoonsik and Shim, Jinwook and {Seungho Chae} and Han, Tack-Don},
	urldate = {2021-08-05},
	date = {2016-10},
	year = {2016},
	keywords = {codeless, {HMD}}
}

@online{roar,
	title = {Home {\textbar} {ROAR} - {ROAR} self-service platform allows to build {AR} experiences in a few clicks.},
	url = {https://theroar.io/},
	urldate = {2021-08-05},
	year = {2021}
}

@inproceedings{kato1999marker,
  title={Marker tracking and hmd calibration for a video-based augmented reality conferencing system},
  author={Kato, Hirokazu and Billinghurst, Mark},
  booktitle={Proceedings 2nd IEEE and ACM International Workshop on Augmented Reality (IWAR'99)},
  pages={85--94},
  year={1999},
  organization={IEEE}
}

@article{lee2005immersive,
  title={Immersive authoring: What you experience is what you get (wyxiwyg)},
  author={Lee, Gun A and Kim, Gerard J and Billinghurst, Mark},
  journal={Communications of the ACM},
  volume={48},
  number={7},
  pages={76--81},
  year={2005},
  publisher={ACM New York, NY, USA}
}