@inproceedings{horst_virtual_2019,
	title = {Virtual reality forge: {Pattern}-oriented authoring of virtual reality nuggets},
	doi = {10.1145/3359996.3364261},
	booktitle = {25th {ACM} {Symposium} on {Virtual} {Reality} {Software} and {Technology}},
	author = {Horst, Robin and DÃ¶rner, Ralf},
	year = {2019},
	pages = {1--12},
}

@inproceedings{zhang_flowmatic_2020,
	title = {{FlowMatic}: {An} {Immersive} {Authoring} {Tool} for {Creating} {Interactive} {Scenes} in {Virtual} {Reality}},
	doi = {10.1145/3379337.3415824},
	booktitle = {Proceedings of the 33rd {Annual} {ACM} {Symposium} on {User} {Interface} {Software} and {Technology}},
	author = {Zhang, Lei and Oney, Steve},
	year = {2020},
	pages = {342--353},
}

@inproceedings{trentsios_comparing_2020,
	title = {Comparing {Virtual} {Reality} {SDK} {Potentials} for {Engineering} {Education}},
	doi = {https://doi.org/10.1007/978-3-030-52575-0_32},
	booktitle = {International {Conference} on {Remote} {Engineering} and {Virtual} {Instrumentation}},
	publisher = {Springer},
	author = {Trentsios, Pascalis and Wolf, Mario and Gerhard, Detlef},
	year = {2020},
	pages = {375--392},
}

@inproceedings{perret_polyvr_2014,
	title = {{PolyVR} - {A} {Virtual} {Reality} {Authoring} {System}},
	isbn = {978-3-905674-76-7},
	doi = {10.2312/eurovr.20141343},
	booktitle = {{EuroVR} 2014 - {Conference} and {Exhibition} of the {European} {Association} of {Virtual} and {Augmented} {Reality}},
	publisher = {The Eurographics Association},
	author = {Haefner, Victor},
	editor = {Perret, Jerome and Basso, Valter and Ferrise, Francesco and Helin, Kaj and Lepetit, Vincent and Ritchie, James and Runde, Christoph and Voort, Mascha van der and Zachmann, Gabriel},
	year = {2014},
}