@incollection{egger_augmented_2020,
	location = {Cham},
	title = {Augmented, Virtual, and Mixed Reality in Tourism},
	isbn = {978-3-030-05324-6},
	url = {https://doi.org/10.1007/978-3-030-05324-6_19-1},
	pages = {1--25},
	booktitle = {Handbook of e-Tourism},
	publisher = {Springer International Publishing},
	author = {Egger, Roman and Neuburger, Larissa},
	editor = {Xiang, Zheng and Fuchs, Matthias and Gretzel, Ulrike and Höpken, Wolfram},
	date = {2020},
	langid = {english},
	doi = {10.1007/978-3-030-05324-6_19-1}
}

@inproceedings{jung_effects_2016,
	location = {Cham},
	title = {Effects of Virtual Reality and Augmented Reality on Visitor Experiences in Museum},
	isbn = {978-3-319-28231-2},
	doi = {10.1007/978-3-319-28231-2_45},
	pages = {621--635},
	booktitle = {Information and Communication Technologies in Tourism 2016},
	publisher = {Springer International Publishing},
	author = {Jung, Timothy and tom Dieck, M. Claudia and Lee, Hyunae and Chung, Namho},
	editor = {Inversini, Alessandro and Schegg, Roland},
	date = {2016},
	langid = {english}
}

@article{debandi_enhancing_2018,
	title = {Enhancing cultural tourism by a mixed reality application for outdoor navigation and information browsing using immersive devices},
	volume = {364},
	issn = {1757-899X},
	url = {https://doi.org/10.1088\%2F1757-899x\%2F364\%2F1\%2F012048},
	doi = {10.1088/1757-899X/364/1/012048},
	pages = {012048},
	journaltitle = {{IOP} Conference Series: Materials Science and Engineering},
	shortjournal = {{IOP} Conf. Ser.: Mater. Sci. Eng.},
	author = {Debandi, Federico and Iacoviello, Roberto and Messina, Alberto and Montagnuolo, Maurizio and Manuri, Federico and Sanna, Andrea and Zappia, Davide},
	date = {2018-06},
	langid = {english},
	note = {Publisher: {IOP} Publishing}
}

@article{nayyar_virtual_2018,
	title = {Virtual Reality ({VR}) \& Augmented Reality ({AR}) technologies for tourism and hospitality industry},
	volume = {7},
	issn = {2227-524X},
	url = {https://www.sciencepubco.com/index.php/ijet/article/view/11858},
	doi = {10.14419/ijet.v7i2.21.11858},
	pages = {156},
	number = {2},
	journaltitle = {International Journal of Engineering \& Technology},
	shortjournal = {{IJET}},
	author = {Nayyar, Anand and Mahapatra, Bandana and Nhuong Le, Dac and Suseendran, G},
	date = {2018-04-20},
	langid = {english}
}

@incollection{bulchand-gidumal_tourists_2020,
	location = {Cham},
	title = {Tourists and Augmented and Virtual Reality Experiences},
	isbn = {978-3-030-05324-6},
	url = {https://doi.org/10.1007/978-3-030-05324-6_60-1},
	pages = {1--20},
	booktitle = {Handbook of e-Tourism},
	publisher = {Springer International Publishing},
	author = {Bulchand-Gidumal, Jacques and William, Edu},
	editor = {Xiang, Zheng and Fuchs, Matthias and Gretzel, Ulrike and Höpken, Wolfram},
	date = {2020},
	langid = {english},
	doi = {10.1007/978-3-030-05324-6_60-1}
}

@incollection{guttentag_virtual_2020,
	location = {Cham},
	title = {Virtual Reality and the End of Tourism? A Substitution Acceptance Model},
	isbn = {978-3-030-05324-6},
	url = {https://doi.org/10.1007/978-3-030-05324-6_113-1},
	shorttitle = {Virtual Reality and the End of Tourism?},
	pages = {1--19},
	booktitle = {Handbook of e-Tourism},
	publisher = {Springer International Publishing},
	author = {Guttentag, Daniel},
	editor = {Xiang, Zheng and Fuchs, Matthias and Gretzel, Ulrike and Höpken, Wolfram},
	date = {2020},
	langid = {english},
	doi = {10.1007/978-3-030-05324-6_113-1}
}

@article{obeidy_acceptance_2017,
	title = {An acceptance model for smart glasses based tourism augmented reality},
	volume = {1891},
	issn = {0094-243X},
	url = {https://aip.scitation.org/doi/abs/10.1063/1.5005413},
	doi = {10.1063/1.5005413},
	pages = {020080},
	number = {1},
	journaltitle = {{AIP} Conference Proceedings},
	shortjournal = {{AIP} Conference Proceedings},
	author = {Obeidy, Waqas Khalid and Arshad, Haslina and Huang, Jiung Yao},
	date = {2017-10-03},
	note = {Publisher: American Institute of Physics}
}

@article{gaberli_tourism_2019,
	title = {Tourism in Digital Age: An Explanation for the Impacts of Virtual, Augmented and Mixed Reality Technologies on Tourist Experiences},
	volume = {2},
	shorttitle = {{TOURISM} {IN} {DIGITAL} {AGE}},
	pages = {61--69},
	author = {Gaberli, Ümit},
	date = {2019-12-01}
}

@article{bekele_survey_2018,
	title = {A Survey of Augmented, Virtual, and Mixed Reality for Cultural Heritage},
	volume = {11},
	issn = {1556-4673},
	doi = {10.1145/3145534},
	pages = {7:1--7:36},
	number = {2},
	journaltitle = {Journal on Computing and Cultural Heritage},
	shortjournal = {J. Comput. Cult. Herit.},
	author = {Bekele, Mafkereseb Kassahun and Pierdicca, Roberto and Frontoni, Emanuele and Malinverni, Eva Savina and Gain, James},
	date = {2018-03-22}
}

@inproceedings{kersten_virtual_2018,
	location = {Cham},
	title = {Virtual Reality for Cultural Heritage Monuments – from 3D Data Recording to Immersive Visualisation},
	isbn = {978-3-030-01765-1},
	doi = {10.1007/978-3-030-01765-1_9},
	series = {Lecture Notes in Computer Science},
	pages = {74--83},
	booktitle = {Digital Heritage. Progress in Cultural Heritage: Documentation, Preservation, and Protection},
	publisher = {Springer International Publishing},
	author = {Kersten, Thomas P. and Tschirschwitz, Felix and Deggim, Simon and Lindstaedt, Maren},
	editor = {Ioannides, Marinos and Fink, Eleanor and Brumana, Raffaella and Patias, Petros and Doulamis, Anastasios and Martins, João and Wallace, Manolis},
	date = {2018},
	langid = {english}
}

@incollection{han_virtual_2019,
	location = {Cham},
	title = {Virtual and Augmented Reality Technologies to Enhance the Visitor Experience in Cultural Tourism},
	isbn = {978-3-030-06246-0},
	series = {Progress in {IS}},
	pages = {113--128},
	booktitle = {Augmented Reality and Virtual Reality: The Power of {AR} and {VR} for Business},
	publisher = {Springer International Publishing},
	author = {Han, Dai-In Danny and Weber, Jessika and Bastiaansen, Marcel and Mitas, Ondrej and Lub, Xander},
	editor = {tom Dieck, M. Claudia and Jung, Timothy},
	date = {2019},
	langid = {english},
	doi = {10.1007/978-3-030-06246-0_9},
}

@article{pedersen_more_2017,
	title = {More than Meets the Eye: The Benefits of Augmented Reality and Holographic Displays for Digital Cultural Heritage},
	volume = {10},
	issn = {1556-4673, 1556-4711},
	doi = {10.1145/3051480},
	shorttitle = {More than Meets the Eye},
	pages = {1--15},
	number = {2},
	journaltitle = {Journal on Computing and Cultural Heritage},
	shortjournal = {J. Comput. Cult. Herit.},
	author = {Pedersen, Isabel and Gale, Nathan and Mirza-Babaei, Pejman and Reid, Samantha},
	date = {2017-04-12},
	langid = {english}
}

@article{loureiro_20_2020,
	title = {20 years of research on virtual reality and augmented reality in tourism context: A text-mining approach},
	volume = {77},
	issn = {0261-5177},
	doi = {10.1016/j.tourman.2019.104028},
	shorttitle = {20 years of research on virtual reality and augmented reality in tourism context},
	pages = {104028},
	journaltitle = {Tourism Management},
	shortjournal = {Tourism Management},
	author = {Loureiro, Sandra Maria Correia and Guerreiro, João and Ali, Faizan},
	date = {2020-04-01},
	langid = {english}
}

@inproceedings{galdieri_natural_2019,
	location = {Cham},
	title = {Natural Interaction in Virtual Reality for Cultural Heritage},
	isbn = {978-3-030-05819-7},
	doi = {10.1007/978-3-030-05819-7_10},
	series = {Communications in Computer and Information Science},
	pages = {122--131},
	booktitle = {{VR} Technologies in Cultural Heritage},
	publisher = {Springer International Publishing},
	author = {Galdieri, Riccardo and Carrozzino, Marcello},
	editor = {Duguleană, Mihai and Carrozzino, Marcello and Gams, Matjaž and Tanea, Iulian},
	date = {2019},
	langid = {english}
}

@article{leung_fad_2020,
	title = {A fad or the future? Examining the effectiveness of virtual reality advertising in the hotel industry},
	volume = {88},
	issn = {02784319},
	doi = {10.1016/j.ijhm.2019.102391},
	shorttitle = {A fad or the future?},
	pages = {102391},
	journaltitle = {International Journal of Hospitality Management},
	shortjournal = {International Journal of Hospitality Management},
	author = {Leung, Xi Y. and Lyu, Jiaying and Bai, Billy},
	date = {2020-07},
	langid = {english}
}

@article{bogicevic_virtual_2019,
	title = {Virtual reality presence as a preamble of tourism experience: The role of mental imagery},
	volume = {74},
	issn = {02615177},
	doi = {10.1016/j.tourman.2019.02.009},
	shorttitle = {Virtual reality presence as a preamble of tourism experience},
	pages = {55--64},
	journaltitle = {Tourism Management},
	shortjournal = {Tourism Management},
	author = {Bogicevic, Vanja and Seo, Soobin and Kandampully, Jay A. and Liu, Stephanie Q. and Rudd, Nancy A.},
	date = {2019-10},
	langid = {english}
}

@article{adachi_using_2020,
	title = {Using virtual reality for tourism marketing: A mediating role of self-presence},
	volume = {0},
	issn = {0362-3319},
	doi = {10.1080/03623319.2020.1727245},
	shorttitle = {Using virtual reality for tourism marketing},
	pages = {1--14},
	number = {0},
	journaltitle = {The Social Science Journal},
	author = {Adachi, Renan and Cramer, Emily M. and Song, Hayeon},
	date = {2020-02-27},
	note = {Publisher: Routledge
\_eprint: https://doi.org/10.1080/03623319.2020.1727245},
}

@inproceedings{marchiori_measuring_2017,
	location = {Cham},
	title = {Measuring the Media Effects of a Tourism-Related Virtual Reality Experience Using Biophysical Data},
	isbn = {978-3-319-51168-9},
	doi = {10.1007/978-3-319-51168-9_15},
	pages = {203--215},
	booktitle = {Information and Communication Technologies in Tourism 2017},
	publisher = {Springer International Publishing},
	author = {Marchiori, Elena and Niforatos, Evangelos and Preto, Luca},
	editor = {Schegg, Roland and Stangl, Brigitte},
	date = {2017},
	langid = {english}
}

@inproceedings{sriporn_predicting_2018,
	location = {Chengdu},
	title = {Predicting Tourists’ Behavior Of Virtual Museum Using Support Vector Machine With Feature Selection Technique},
	isbn = {978-1-5386-5214-5},
	doi = {10.1109/ICMLC.2018.8526959},
	eventtitle = {2018 International Conference on Machine Learning and Cybernetics ({ICMLC})},
	pages = {433--438},
	booktitle = {2018 International Conference on Machine Learning and Cybernetics ({ICMLC})},
	publisher = {{IEEE}},
	author = {Sriporn, Krit and Tsai, Cheng-Fa},
	date = {2018-07},
	langid = {english}
}

@article{laurell_exploring_2019,
	title = {Exploring barriers to adoption of Virtual Reality through Social Media Analytics and Machine Learning – An assessment of technology, network, price and trialability},
	volume = {100},
	issn = {0148-2963},
	doi = {10.1016/j.jbusres.2019.01.017},
	pages = {469--474},
	journaltitle = {Journal of Business Research},
	shortjournal = {Journal of Business Research},
	author = {Laurell, Christofer and Sandström, Christian and Berthold, Adam and Larsson, Daniel},
	date = {2019-07-01},
	langid = {english}
}

@inproceedings{norouzi_systematic_2020,
	title = {A Systematic Literature Review of Embodied Augmented Reality Agents in Head-Mounted Display Environments},
	url = {https://sreal.ucf.edu/wp-content/uploads/2020/11/IVC_ICAT_EGVE2020.pdf},
	pages = {11},
	booktitle = {In Proceedings of the International Conference on Artificial Reality and Telexistence \& Eurographics Symposium on Virtual Environments},
	author = {Norouzi, Nahal and Kim, Kangsoo and Bruder, Gerd and Erickson, Austin and Choudhary, Zubin and Li, Yifan and Welch, Greg},
	date = {2020-12-02}
}

@article{ardito_interaction_2015,
	title = {Interaction with Large Displays: A Survey},
	volume = {47},
	issn = {0360-0300, 1557-7341},
	doi = {10.1145/2682623},
	shorttitle = {Interaction with Large Displays},
	pages = {1--38},
	number = {3},
	journaltitle = {{ACM} Computing Surveys},
	shortjournal = {{ACM} Comput. Surv.},
	author = {Ardito, Carmelo and Buono, Paolo and Costabile, Maria Francesca and Desolda, Giuseppe},
	date = {2015-04-16},
	langid = {english}
}

@article{kang_impact_2020,
	title = {Impact of {VR} on impulsive desire for a destination},
	volume = {42},
	issn = {1447-6770},
	doi = {10.1016/j.jhtm.2020.02.003},
	pages = {244--255},
	journaltitle = {Journal of Hospitality and Tourism Management},
	shortjournal = {Journal of Hospitality and Tourism Management},
	author = {Kang, Hyunjeong},
	date = {2020-03-01},
	langid = {english}
}

@inproceedings{linaza_interactive_2007,
	location = {Brighton, {UK}},
	title = {Interactive augmented experiences for cultural historical events},
	isbn = {978-3-905674-01-9},
	series = {{VAST}'07},
	pages = {23--30},
	booktitle = {Proceedings of the 8th International conference on Virtual Reality, Archaeology and Intelligent Cultural Heritage},
	publisher = {Eurographics Association},
	author = {Linaza, M. T. and Cobos, Y. and Mentxaka, J. and Campos, M. K. and Peñalba, M.},
	date = {2007-11-26}
}

@article{ercan_examination_2020,
	title = {An Examination on the Use of Immersive Reality Technologies in the Travel and Tourism Industry},
	volume = {8},
	rights = {Copyright (c) 2020 Business \& Management Studies: An International Journal},
	issn = {2148-2586},
	doi = {10.15295/bmij.v8i2.1510},
	pages = {2348--2383},
	number = {2},
	journaltitle = {Business \& Management Studies: An International Journal},
	shortjournal = {bmij},
	author = {Ercan, Fatih},
	date = {2020-06-25},
	langid = {english},
	note = {Number: 2}
}

@article{kounavis_enhancing_2012,
	title = {Enhancing the Tourism Experience through Mobile Augmented Reality: Challenges and Prospects},
	volume = {4},
	issn = {1847-9790},
	doi = {10.5772/51644},
	shorttitle = {Enhancing the Tourism Experience through Mobile Augmented Reality},
	pages = {10},
	journaltitle = {International Journal of Engineering Business Management},
	shortjournal = {International Journal of Engineering Business Management},
	author = {Kounavis, Chris D. and Kasimati, Anna E. and Zamani, Efpraxia D.},
	date = {2012-01-01},
	langid = {english},
	note = {Publisher: {SAGE} Publications Ltd {STM}}
}

@inproceedings{patil_accelerating_2019,
	title = {Accelerating Extended Reality Vision With 5G Networks},
	doi = {10.1109/ICECA.2019.8821836},
	eventtitle = {2019 3rd International conference on Electronics, Communication and Aerospace Technology ({ICECA})},
	pages = {157--161},
	booktitle = {2019 3rd International conference on Electronics, Communication and Aerospace Technology ({ICECA})},
	author = {Patil, S. and Kumar, R.},
	date = {2019-06}
}

@thesis{alghamdi_e-tourism_2017,
	title = {E-Tourism: Context-Aware Points of Interest Finder and Trip Designer},
	url = {http://ruor.uottawa.ca/handle/10393/35676},
	shorttitle = {E-Tourism},
	institution = {Université d'Ottawa / University of Ottawa},
	type = {Thesis},
	author = {Alghamdi, Hamzah},
	date = {2017},
	langid = {english},
	doi = {10.20381/ruor-633},
	note = {Accepted: 2017-01-05T20:03:48Z}
}

@article{kwok_covid-19_2020,
	title = {{COVID}-19 and Extended Reality ({XR})},
	volume = {0},
	issn = {1368-3500},
	doi = {10.1080/13683500.2020.1798896},
	pages = {1--6},
	number = {0},
	journaltitle = {Current Issues in Tourism},
	author = {Kwok, Andrei O. J. and Koh, Sharon G. M.},
	date = {2020-07-25},
	note = {Publisher: Routledge
\_eprint: https://doi.org/10.1080/13683500.2020.1798896}
}

@collection{jung_augmented_2020,
	location = {Cham},
	title = {Augmented Reality and Virtual Reality: Changing Realities in a Dynamic World},
	isbn = {978-3-030-37868-4},
	series = {Progress in {IS}},
	shorttitle = {Augmented Reality and Virtual Reality},
	publisher = {Springer International Publishing},
	editor = {Jung, Timothy and tom Dieck, M. Claudia and Rauschnabel, Philipp A.},
	date = {2020},
	langid = {english},
	doi = {10.1007/978-3-030-37869-1}
}

@online{jenny_enhancing_2017,
	title = {Enhancing Tourism with Augmented and Virtual Reality},
	url = {https://core.ac.uk/download/pdf/80995002.pdf},
	author = {Jenny, Sandra},
	date = {2017}
}

@thesis{honkanen_enhancing_2018,
	title = {Enhancing Historical Attractions Through Augmented Reality},
	url = {http://www.theseus.fi/bitstream/10024/141058/1/Honkanen_Lotta.pdf},
	pagetotal = {123},
	institution = {Karelia University of Applied Sciences},
	type = {Master's Thesis},
	author = {Honkanen, Lotta},
	date = {2018},
	langid = {english}
}

@article{iacoviello_holocities_2020,
	title = {{HoloCities}: A Shared Reality application for Collaborative Tourism},
	volume = {949},
	issn = {1757-899X},
	doi = {10.1088/1757-899X/949/1/012036},
	shorttitle = {{HoloCities}},
	pages = {012036},
	journaltitle = {{IOP} Conference Series: Materials Science and Engineering},
	shortjournal = {{IOP} Conf. Ser.: Mater. Sci. Eng.},
	author = {Iacoviello, Roberto and Zappia, Davide},
	date = {2020-11-11}
}

@article{keckes_augmented_2017,
	title = {Augmented Reality in Tourism – Research and Applications Overview},
	volume = {15},
	issn = {1334-4684},
	doi = {10.7906/indecs.15.2.5},
	pages = {157--167},
	number = {2},
	journaltitle = {Interdisciplinary Description of Complex Systems : {INDECS}},
	author = {Kečkeš, Anabel L. and Tomičić, Igor},
	date = {2017-06-30},
	langid = {english},
	note = {Publisher: Hrvatsko interdisciplinarno društvo}
}

@article{kim_empirical_2020,
	title = {Empirical Study on the Factors Affecting Individuals’ Switching Intention to Augmented/Virtual Reality Content Services Based on Push-Pull-Mooring Theory},
	volume = {11},
	rights = {http://creativecommons.org/licenses/by/3.0/},
	doi = {10.3390/info11010025},
	pages = {25},
	number = {1},
	journaltitle = {Information},
	author = {Kim, Sanghyun and Choi, Moon Jong and Choi, Jae Sung},
	date = {2020-01},
	langid = {english},
	note = {Number: 1
Publisher: Multidisciplinary Digital Publishing Institute}
}

@incollection{pourfakhimi_acceptance_2020,
	location = {Cham},
	title = {Acceptance and Adoption of {eTourism} Technologies},
	isbn = {978-3-030-05324-6},
	pages = {1--31},
	booktitle = {Handbook of e-Tourism},
	publisher = {Springer International Publishing},
	author = {Pourfakhimi, Shahab and Duncan, Tara and Ould, Louise and Allan, Katie and Coetzee, Willem},
	editor = {Xiang, Zheng and Fuchs, Matthias and Gretzel, Ulrike and Höpken, Wolfram},
	date = {2020},
	langid = {english},
	doi = {10.1007/978-3-030-05324-6_58-1}
}

@inproceedings{racz_virtual_2019,
	title = {Virtual Reality Aided Tourism},
	doi = {10.1109/SCSP.2019.8805727},
	eventtitle = {2019 Smart City Symposium Prague ({SCSP})},
	pages = {1--5},
	booktitle = {2019 Smart City Symposium Prague ({SCSP})},
	author = {Rácz, A. and Zilizi, G.},
	date = {2019-05}
}

@incollection{doukianou_beyond_2020,
	location = {Cham},
	title = {Beyond Virtual Museums: Adopting Serious Games and Extended Reality ({XR}) for User-Centred Cultural Experiences},
	isbn = {978-3-030-37191-3},
	series = {Springer Series on Cultural Computing},
	shorttitle = {Beyond Virtual Museums},
	pages = {283--299},
	booktitle = {Visual Computing for Cultural Heritage},
	publisher = {Springer International Publishing},
	author = {Doukianou, Stella and Daylamani-Zad, Damon and Paraskevopoulos, Ioannis},
	editor = {Liarokapis, Fotis and Voulodimos, Athanasios and Doulamis, Nikolaos and Doulamis, Anastasios},
	date = {2020},
	langid = {english},
	doi = {10.1007/978-3-030-37191-3_15}
}

@article{scavarelli_virtual_2020,
	title = {Virtual reality and augmented reality in social learning spaces: a literature review},
	issn = {1359-4338, 1434-9957},
	doi = {10.1007/s10055-020-00444-8},
	shorttitle = {Virtual reality and augmented reality in social learning spaces},
	pages = {21},
	journaltitle = {Virtual Reality},
	shortjournal = {Virtual Reality},
	author = {Scavarelli, Anthony and Arya, Ali and Teather, Robert J.},
	date = {2020-05-25},
	langid = {english}
}

@inproceedings{du_experiencing_2019,
	location = {Glasgow, Scotland Uk},
	title = {Experiencing a Mirrored World with Geotagged Social Media in Geollery},
	isbn = {978-1-4503-5971-9},
	url = {https://doi.org/10.1145/3290607.3313273},
	doi = {10.1145/3290607.3313273},
	series = {{CHI} {EA} '19},
	pages = {1--4},
	publisher = {Association for Computing Machinery},
	author = {Du, Ruofei and Li, David and Varshney, Amitabh},
	date = {2019-05-02}
}

@thesis{lando_how_2017,
	title = {How Augmented Reality Affects the Learning Experience at a Museum},
	url = {http://urn.kb.se/resolve?urn=urn:nbn:se:kth:diva-209455},
	pagetotal = {15},
	institution = {{KTH}, School of Computer Science and Communication ({CSC})},
	type = {Master's Thesis},
	author = {Lando, Emilio},
	date = {2017},
	note = {Backup Publisher: {KTH}, School of Computer Science and Communication ({CSC})}
}

@thesis{mataruga_statistical_2019,
	title = {Statistical Analysis and Evaluation of the 6DOF-utilization of a Handheld Augmented Reality Museum Application},
	url = {http://urn.kb.se/resolve?urn=urn:nbn:se:kth:diva-251316},
	pagetotal = {11},
	institution = {{KTH}, School of Electrical Engineering and Computer Science ({EECS})},
	type = {Master's Thesis},
	author = {Mataruga, Danilo},
	date = {2019},
	note = {Backup Publisher: {KTH}, School of Electrical Engineering and Computer Science ({EECS})
Issue: 2019:54
Series: {TRITA}-{EECS}-{EX}}
}

@thesis{xu_exploring_2018,
	title = {Exploring the benefits and challenges of {AR} in an outdoor tourism experience},
	url = {http://urn.kb.se/resolve?urn=urn:nbn:se:kth:diva-235328},
	pagetotal = {10},
	institution = {{KTH}, Media Technology and Interaction Design, {MID}},
	type = {Master's Thesis},
	author = {Xu, Yinan},
	date = {2018},
	note = {Backup Publisher: {KTH}, Media Technology and Interaction Design, {MID}
Issue: 2018:603
Series: {TRITA}-{EECS}-{EX}}
}

@article{atsiz_virtual_2021,
	title = {Virtual reality technology and physical distancing: A review on limiting human interaction in tourism},
	issn = {2645-9078},
	url = {https://dergipark.org.tr/tr/doi/10.31822/jomat.834448},
	doi = {10.31822/jomat.834448},
	shorttitle = {Virtual reality technology and physical distancing},
	pages = {27--35},
	journaltitle = {Journal of Multidisciplinary Academic Tourism},
	author = {Atsiz, Ozan},
	date = {2021-07-31}
}

@article{milgram_taxonomy_1994,
	title = {A taxonomy of mixed reality visual displays},
	volume = {77},
	pages = {1321--1329},
	number = {12},
	journaltitle = {{IEICE} {TRANSACTIONS} on Information and Systems},
	author = {Milgram, Paul and Kishino, Fumio},
	date = {1994},
	note = {Publisher: The Institute of Electronics, Information and Communication Engineers},
}


@incollection{jung_impact_2020,
	location = {Cham},
	title = {The Impact of Mixed Reality on Visitors’ Experience in Museum. ‘The Ara As It Was’ Project in Rome},
	isbn = {978-3-030-37868-4 978-3-030-37869-1},
	pages = {313--322},
	booktitle = {Augmented Reality and Virtual Reality},
	publisher = {Springer International Publishing},
	author = {Trunfio, Mariapina and Campana, Salvatore and Magnelli, Adele},
	editor = {Jung, Timothy and tom Dieck, M. Claudia and Rauschnabel, Philipp A.},
	date = {2020},
	langid = {english},
	doi = {10.1007/978-3-030-37869-1_25},
	note = {Series Title: Progress in {IS}}
}

@incollection{jung_classification_2020,
	location = {Cham},
	title = {A Classification of Virtual Reality Technology: Suitability of Different {VR} Devices and Methods for Research in Tourism and Events},
	shorttitle = {A Classification of Virtual Reality Technology},
	pages = {323--332},
	booktitle = {Augmented Reality and Virtual Reality},
	publisher = {Springer International Publishing},
	author = {Jung, Shinyong and Jeong, Jiyong},
	editor = {Jung, Timothy and tom Dieck, M. Claudia and Rauschnabel, Philipp A.},
	date = {2020},
	langid = {english},
	doi = {10.1007/978-3-030-37869-1_26},
	note = {Series Title: Progress in {IS}}
}

@incollection{tscheu_augmented_2016,
	address = {Cham},
	title = {Augmented {Reality} at {Cultural} {Heritage} sites},
	isbn = {978-3-319-28230-5 978-3-319-28231-2},
	language = {en},
	booktitle = {Information and {Communication} {Technologies} in {Tourism} 2016},
	publisher = {Springer International Publishing},
	author = {Tscheu, Frances and Buhalis, Dimitrios},
	editor = {Inversini, Alessandro and Schegg, Roland},
	year = {2016},
	doi = {10.1007/978-3-319-28231-2_44},
	pages = {607--619}
}

@incollection{cranmer_understanding_2016,
	address = {Cham},
	title = {Understanding the {Acceptance} of {Augmented} {Reality} at an {Organisational} {Level}: {The} {Case} of {Geevor} {Tin} {Mine} {Museum}},
	isbn = {978-3-319-28230-5 978-3-319-28231-2},
	shorttitle = {Understanding the {Acceptance} of {Augmented} {Reality} at an {Organisational} {Level}},
	language = {en},
	booktitle = {Information and {Communication} {Technologies} in {Tourism} 2016},
	publisher = {Springer International Publishing},
	author = {Cranmer, Eleanor and Jung, Timothy and tom Dieck, M. Claudia and Miller, Amanda},
	editor = {Inversini, Alessandro and Schegg, Roland},
	year = {2016},
	doi = {10.1007/978-3-319-28231-2_46},
	pages = {637--650}
}

@article{azuma_survey_1997,
  title={A survey of augmented reality},
  author={Azuma, Ronald T},
  journal={Presence: Teleoperators \& Virtual Environments},
  volume={6},
  number={4},
  pages={355--385},
  year={1997},
  publisher={MIT Press}
}

@article{azuma_advances_2001,
  author={R. {Azuma} and Y. {Baillot} and R. {Behringer} and S. {Feiner} and S. {Julier} and B. {MacIntyre}},
  journal={IEEE Computer Graphics and Applications}, 
  title={Recent advances in augmented reality}, 
  year={2001},
  volume={21},
  number={6},
  pages={34-47},
  doi={10.1109/38.963459}
}

@article{suh_prophet_2018,
    title = {The state of immersive technology research: A literature analysis},
    journal = {Computers in Human Behavior},
    volume = {86},
    pages = {77-90},
    year = {2018},
    issn = {0747-5632},
    doi = {https://doi.org/10.1016/j.chb.2018.04.019},
    author = {Ayoung Suh and Jane Prophet}
}

@article{beck_2019_virtual,
  title={Virtual reality in tourism: A state-of-the-art review},
  author={Beck, Julia and Rainoldi, Mattia and Egger, Roman},
  journal={Tourism Review},
  year={2019},
  publisher={Emerald Publishing Limited}
}

@article{marasco2018exploring,
  title={Exploring the role of next-generation virtual technologies in destination marketing},
  author={Marasco, Alessandra and Buonincontri, Piera and van Niekerk, Mathilda and Orlowski, Marissa and Okumus, Fevzi},
  journal={Journal of Destination Marketing \& Management},
  volume={9},
  pages={138--148},
  year={2018},
  publisher={Elsevier}
}